%YAML 1.1
%TAG !u! tag:unity3d.com,2011:
--- !u!1 &1509153989314450
GameObject:
  m_ObjectHideFlags: 0
  m_CorrespondingSourceObject: {fileID: 0}
  m_PrefabInstance: {fileID: 0}
  m_PrefabAsset: {fileID: 0}
  serializedVersion: 6
  m_Component:
  - component: {fileID: 4312486498329988}
  - component: {fileID: 65894069230418062}
  m_Layer: 13
  m_Name: TriggerBox
  m_TagString: Untagged
  m_Icon: {fileID: 0}
  m_NavMeshLayer: 0
  m_StaticEditorFlags: 0
  m_IsActive: 1
--- !u!4 &4312486498329988
Transform:
  m_ObjectHideFlags: 0
  m_CorrespondingSourceObject: {fileID: 0}
  m_PrefabInstance: {fileID: 0}
  m_PrefabAsset: {fileID: 0}
  m_GameObject: {fileID: 1509153989314450}
  m_LocalRotation: {x: -0, y: -0, z: -0, w: 1}
  m_LocalPosition: {x: 0, y: -2, z: -1}
  m_LocalScale: {x: 6, y: 6, z: 6}
  m_Children: []
  m_Father: {fileID: 4054613002846994}
  m_RootOrder: 0
  m_LocalEulerAnglesHint: {x: 0, y: 0, z: 0}
--- !u!65 &65894069230418062
BoxCollider:
  m_ObjectHideFlags: 0
  m_CorrespondingSourceObject: {fileID: 0}
  m_PrefabInstance: {fileID: 0}
  m_PrefabAsset: {fileID: 0}
  m_GameObject: {fileID: 1509153989314450}
  m_Material: {fileID: 0}
  m_IsTrigger: 1
  m_Enabled: 1
  serializedVersion: 2
  m_Size: {x: 1, y: 0.41301918, z: 0.7443342}
  m_Center: {x: 0, y: 0.2934904, z: 0.6671343}
--- !u!1 &1644788518078190
GameObject:
  m_ObjectHideFlags: 0
  m_CorrespondingSourceObject: {fileID: 0}
  m_PrefabInstance: {fileID: 0}
  m_PrefabAsset: {fileID: 0}
  serializedVersion: 6
  m_Component:
  - component: {fileID: 4054613002846994}
  - component: {fileID: 33748627552810744}
  - component: {fileID: 23575119006957218}
  - component: {fileID: 54485063594320524}
  - component: {fileID: 136049698760661360}
  - component: {fileID: 114332941434704050}
  - component: {fileID: 114527956064053304}
  - component: {fileID: 7601426081608441699}
  m_Layer: 16
  m_Name: RedBeetle
  m_TagString: bug
  m_Icon: {fileID: 0}
  m_NavMeshLayer: 0
  m_StaticEditorFlags: 0
  m_IsActive: 1
--- !u!4 &4054613002846994
Transform:
  m_ObjectHideFlags: 0
  m_CorrespondingSourceObject: {fileID: 0}
  m_PrefabInstance: {fileID: 0}
  m_PrefabAsset: {fileID: 0}
  m_GameObject: {fileID: 1644788518078190}
  m_LocalRotation: {x: 0, y: 0, z: 0, w: 1}
  m_LocalPosition: {x: 0, y: 0, z: 0}
  m_LocalScale: {x: 0.25, y: 0.25, z: 0.25}
  m_Children:
  - {fileID: 4312486498329988}
  - {fileID: 5511452825536271233}
  m_Father: {fileID: 0}
  m_RootOrder: 0
  m_LocalEulerAnglesHint: {x: 0, y: 0, z: 0}
--- !u!33 &33748627552810744
MeshFilter:
  m_ObjectHideFlags: 0
  m_CorrespondingSourceObject: {fileID: 0}
  m_PrefabInstance: {fileID: 0}
  m_PrefabAsset: {fileID: 0}
  m_GameObject: {fileID: 1644788518078190}
  m_Mesh: {fileID: 4300000, guid: cf92967236b26d644ac169f0ad557950, type: 3}
--- !u!23 &23575119006957218
MeshRenderer:
  m_ObjectHideFlags: 0
  m_CorrespondingSourceObject: {fileID: 0}
  m_PrefabInstance: {fileID: 0}
  m_PrefabAsset: {fileID: 0}
  m_GameObject: {fileID: 1644788518078190}
  m_Enabled: 0
  m_CastShadows: 1
  m_ReceiveShadows: 1
  m_DynamicOccludee: 1
  m_MotionVectors: 1
  m_LightProbeUsage: 1
  m_ReflectionProbeUsage: 1
  m_RenderingLayerMask: 4294967295
  m_RendererPriority: 0
  m_Materials:
  - {fileID: 0}
  m_StaticBatchInfo:
    firstSubMesh: 0
    subMeshCount: 0
  m_StaticBatchRoot: {fileID: 0}
  m_ProbeAnchor: {fileID: 0}
  m_LightProbeVolumeOverride: {fileID: 0}
  m_ScaleInLightmap: 1
  m_ReceiveGI: 1
  m_PreserveUVs: 0
  m_IgnoreNormalsForChartDetection: 0
  m_ImportantGI: 0
  m_StitchLightmapSeams: 0
  m_SelectedEditorRenderState: 3
  m_MinimumChartSize: 4
  m_AutoUVMaxDistance: 0.5
  m_AutoUVMaxAngle: 89
  m_LightmapParameters: {fileID: 0}
  m_SortingLayerID: 0
  m_SortingLayer: 0
  m_SortingOrder: 0
--- !u!54 &54485063594320524
Rigidbody:
  m_ObjectHideFlags: 0
  m_CorrespondingSourceObject: {fileID: 0}
  m_PrefabInstance: {fileID: 0}
  m_PrefabAsset: {fileID: 0}
  m_GameObject: {fileID: 1644788518078190}
  serializedVersion: 2
  m_Mass: 5
  m_Drag: 0
  m_AngularDrag: 0.05
  m_UseGravity: 0
  m_IsKinematic: 0
  m_Interpolate: 0
  m_Constraints: 112
  m_CollisionDetection: 0
--- !u!136 &136049698760661360
CapsuleCollider:
  m_ObjectHideFlags: 0
  m_CorrespondingSourceObject: {fileID: 0}
  m_PrefabInstance: {fileID: 0}
  m_PrefabAsset: {fileID: 0}
  m_GameObject: {fileID: 1644788518078190}
  m_Material: {fileID: 0}
  m_IsTrigger: 0
  m_Enabled: 1
  m_Radius: 2.067191
  m_Height: 6.17
  m_Direction: 2
  m_Center: {x: -0.4, y: 0.53, z: -0.49}
--- !u!114 &114332941434704050
MonoBehaviour:
  m_ObjectHideFlags: 0
  m_CorrespondingSourceObject: {fileID: 0}
  m_PrefabInstance: {fileID: 0}
  m_PrefabAsset: {fileID: 0}
  m_GameObject: {fileID: 1644788518078190}
  m_Enabled: 1
  m_EditorHideFlags: 0
  m_Script: {fileID: 11500000, guid: efdc9cca02405e84eb2669afb4f0f4b6, type: 3}
  m_Name: 
  m_EditorClassIdentifier: 
  attractorPlanet: {fileID: 114154011523252814, guid: 4db62fe8327924442b37dc3fe393139f,
    type: 3}
  rb: {fileID: 0}
--- !u!114 &114527956064053304
MonoBehaviour:
  m_ObjectHideFlags: 0
  m_CorrespondingSourceObject: {fileID: 0}
  m_PrefabInstance: {fileID: 0}
  m_PrefabAsset: {fileID: 0}
  m_GameObject: {fileID: 1644788518078190}
  m_Enabled: 1
  m_EditorHideFlags: 0
  m_Script: {fileID: 11500000, guid: e2a5030ac10962142ac0bcb036ead38f, type: 3}
  m_Name: 
  m_EditorClassIdentifier: 
  playerPopupPrefab: {fileID: 3165386584524709554, guid: c11cd46be9c334147993119e81e1d003,
    type: 3}
  shroomPopupPrefab: {fileID: 1193090909567609125, guid: 6bf3d50188bbf514fb765720d128ee93,
    type: 3}
  snailPopupPrefab: {fileID: 1723526222135397546, guid: a676c5f1174d69a4287016dae30db82e,
    type: 3}
  IconCanAppear: 1
  alertIcon: {fileID: 0}
  menuButton: {fileID: 0}
  alertImage: {fileID: 0}
  moveSpeed: 0
  rotationspeed: 0
  target: {fileID: 0}
  target2: {x: 0, y: 0, z: 0}
  growthCounter: 1
  isFollowingPlayer: 0
  stoppedAtPlayer: 0
  isFollowingSnail: 0
  neverDoneSlow: 0
  isCarrying: 0
  cylinderTransform: {fileID: 0}
  cylinderAxis: {x: 0, y: -4, z: 0}
--- !u!114 &7601426081608441699
MonoBehaviour:
  m_ObjectHideFlags: 0
  m_CorrespondingSourceObject: {fileID: 0}
  m_PrefabInstance: {fileID: 0}
  m_PrefabAsset: {fileID: 0}
  m_GameObject: {fileID: 1644788518078190}
  m_Enabled: 0
  m_EditorHideFlags: 0
  m_Script: {fileID: 11500000, guid: 6414ddb212cbb7d47b2b156a13af9d7c, type: 3}
  m_Name: 
  m_EditorClassIdentifier: 
  red_Material: {fileID: 2100000, guid: 5d5289a0ff8845b4e86cdee0418d413d, type: 2}
  green_Material: {fileID: 2100000, guid: 0b562dc3a67e6684e9a6e1cc40824622, type: 2}
  blue_Material: {fileID: 2100000, guid: 381d06daf6d3abd4eb1c445b7509072f, type: 2}
--- !u!1 &8407297401800728833
GameObject:
  m_ObjectHideFlags: 0
  m_CorrespondingSourceObject: {fileID: 0}
  m_PrefabInstance: {fileID: 0}
  m_PrefabAsset: {fileID: 0}
  serializedVersion: 6
  m_Component:
  - component: {fileID: 5511452825536271233}
  m_Layer: 16
  m_Name: AttachPoint
  m_TagString: Untagged
  m_Icon: {fileID: 0}
  m_NavMeshLayer: 0
  m_StaticEditorFlags: 0
  m_IsActive: 1
--- !u!4 &5511452825536271233
Transform:
  m_ObjectHideFlags: 0
  m_CorrespondingSourceObject: {fileID: 0}
  m_PrefabInstance: {fileID: 0}
  m_PrefabAsset: {fileID: 0}
  m_GameObject: {fileID: 8407297401800728833}
  m_LocalRotation: {x: 0, y: 0, z: 0, w: 1}
  m_LocalPosition: {x: 0, y: 0, z: 0}
  m_LocalScale: {x: 1, y: 1, z: 1}
  m_Children:
  - {fileID: 5811120962634170726}
  m_Father: {fileID: 4054613002846994}
  m_RootOrder: 1
  m_LocalEulerAnglesHint: {x: 0, y: 0, z: 0}
--- !u!1001 &1576131727439129212
PrefabInstance:
  m_ObjectHideFlags: 0
  serializedVersion: 2
  m_Modification:
    m_TransformParent: {fileID: 5511452825536271233}
    m_Modifications:
    - target: {fileID: -927199367670048503, guid: fade125dbe0cd544babd82faf9ac0b81,
        type: 3}
      propertyPath: m_Name
      value: RedBeetleAnimation
      objectReference: {fileID: 0}
    - target: {fileID: -4216859302048453862, guid: fade125dbe0cd544babd82faf9ac0b81,
        type: 3}
      propertyPath: m_LocalPosition.x
      value: 0
      objectReference: {fileID: 0}
    - target: {fileID: -4216859302048453862, guid: fade125dbe0cd544babd82faf9ac0b81,
        type: 3}
      propertyPath: m_LocalPosition.y
      value: 0
      objectReference: {fileID: 0}
    - target: {fileID: -4216859302048453862, guid: fade125dbe0cd544babd82faf9ac0b81,
        type: 3}
      propertyPath: m_LocalPosition.z
      value: 0
      objectReference: {fileID: 0}
    - target: {fileID: -4216859302048453862, guid: fade125dbe0cd544babd82faf9ac0b81,
        type: 3}
      propertyPath: m_LocalRotation.x
      value: 0
      objectReference: {fileID: 0}
    - target: {fileID: -4216859302048453862, guid: fade125dbe0cd544babd82faf9ac0b81,
        type: 3}
      propertyPath: m_LocalRotation.y
      value: 0
      objectReference: {fileID: 0}
    - target: {fileID: -4216859302048453862, guid: fade125dbe0cd544babd82faf9ac0b81,
        type: 3}
      propertyPath: m_LocalRotation.z
      value: 0
      objectReference: {fileID: 0}
    - target: {fileID: -4216859302048453862, guid: fade125dbe0cd544babd82faf9ac0b81,
        type: 3}
      propertyPath: m_LocalRotation.w
      value: 1
      objectReference: {fileID: 0}
    - target: {fileID: -4216859302048453862, guid: fade125dbe0cd544babd82faf9ac0b81,
        type: 3}
      propertyPath: m_RootOrder
      value: 0
      objectReference: {fileID: 0}
    - target: {fileID: -4216859302048453862, guid: fade125dbe0cd544babd82faf9ac0b81,
        type: 3}
      propertyPath: m_LocalEulerAnglesHint.x
      value: 0
      objectReference: {fileID: 0}
    - target: {fileID: -4216859302048453862, guid: fade125dbe0cd544babd82faf9ac0b81,
        type: 3}
      propertyPath: m_LocalEulerAnglesHint.y
      value: 0
      objectReference: {fileID: 0}
    - target: {fileID: -4216859302048453862, guid: fade125dbe0cd544babd82faf9ac0b81,
        type: 3}
      propertyPath: m_LocalEulerAnglesHint.z
      value: 0
      objectReference: {fileID: 0}
    m_RemovedComponents: []
  m_SourcePrefab: {fileID: 100100000, guid: fade125dbe0cd544babd82faf9ac0b81, type: 3}
--- !u!4 &5811120962634170726 stripped
Transform:
  m_CorrespondingSourceObject: {fileID: -4216859302048453862, guid: fade125dbe0cd544babd82faf9ac0b81,
    type: 3}
  m_PrefabInstance: {fileID: 1576131727439129212}
  m_PrefabAsset: {fileID: 0}
