%YAML 1.1
%TAG !u! tag:unity3d.com,2011:
--- !u!1 &1356750843505580
GameObject:
  m_ObjectHideFlags: 0
  m_CorrespondingSourceObject: {fileID: 0}
  m_PrefabInstance: {fileID: 0}
  m_PrefabAsset: {fileID: 0}
  serializedVersion: 6
  m_Component:
  - component: {fileID: 4361739320205458}
  - component: {fileID: 54744334365779646}
  - component: {fileID: 114321010794742106}
  - component: {fileID: 114319452211124584}
  - component: {fileID: 65933710125382764}
  m_Layer: 16
  m_Name: Ants
  m_TagString: ants
  m_Icon: {fileID: 0}
  m_NavMeshLayer: 0
  m_StaticEditorFlags: 0
  m_IsActive: 1
--- !u!4 &4361739320205458
Transform:
  m_ObjectHideFlags: 0
  m_CorrespondingSourceObject: {fileID: 0}
  m_PrefabInstance: {fileID: 0}
  m_PrefabAsset: {fileID: 0}
  m_GameObject: {fileID: 1356750843505580}
  m_LocalRotation: {x: 0, y: 0.0452758, z: 0, w: 0.99897456}
  m_LocalPosition: {x: 0.258, y: 3.1578703, z: -3.187}
  m_LocalScale: {x: 0.15, y: 0.15, z: 0.15}
  m_Children:
  - {fileID: 345172194347783811}
  - {fileID: 8103655256056469281}
  - {fileID: 7121219999823014162}
  m_Father: {fileID: 0}
  m_RootOrder: 0
  m_LocalEulerAnglesHint: {x: 0, y: 5.19, z: 0}
--- !u!54 &54744334365779646
Rigidbody:
  m_ObjectHideFlags: 0
  m_CorrespondingSourceObject: {fileID: 0}
  m_PrefabInstance: {fileID: 0}
  m_PrefabAsset: {fileID: 0}
  m_GameObject: {fileID: 1356750843505580}
  serializedVersion: 2
  m_Mass: 1
  m_Drag: 0
  m_AngularDrag: 0.05
  m_UseGravity: 0
  m_IsKinematic: 0
  m_Interpolate: 0
  m_Constraints: 0
  m_CollisionDetection: 0
--- !u!114 &114321010794742106
MonoBehaviour:
  m_ObjectHideFlags: 0
  m_CorrespondingSourceObject: {fileID: 0}
  m_PrefabInstance: {fileID: 0}
  m_PrefabAsset: {fileID: 0}
  m_GameObject: {fileID: 1356750843505580}
  m_Enabled: 1
  m_EditorHideFlags: 0
  m_Script: {fileID: 11500000, guid: cab29ec39842c1a448d34435f378e2a7, type: 3}
  m_Name: 
  m_EditorClassIdentifier: 
  attractorPlanet: {fileID: 0}
--- !u!114 &114319452211124584
MonoBehaviour:
  m_ObjectHideFlags: 0
  m_CorrespondingSourceObject: {fileID: 0}
  m_PrefabInstance: {fileID: 0}
  m_PrefabAsset: {fileID: 0}
  m_GameObject: {fileID: 1356750843505580}
  m_Enabled: 1
  m_EditorHideFlags: 0
  m_Script: {fileID: 11500000, guid: fba273170e8d4a743a3e7f8ca2ac5229, type: 3}
  m_Name: 
  m_EditorClassIdentifier: 
  moveSpeed: 0.5
  cylinderTransform: {fileID: 0}
  cylinderAxis: {x: 0, y: -4, z: 0}
  turnSpeed: 20
  detectionDistance: 10
  target: {fileID: 0}
  swarmSize: 0
  antsPrefab: {fileID: 54744334365779646}
--- !u!65 &65933710125382764
BoxCollider:
  m_ObjectHideFlags: 0
  m_CorrespondingSourceObject: {fileID: 0}
  m_PrefabInstance: {fileID: 0}
  m_PrefabAsset: {fileID: 0}
  m_GameObject: {fileID: 1356750843505580}
  m_Material: {fileID: 0}
  m_IsTrigger: 1
  m_Enabled: 1
  serializedVersion: 2
  m_Size: {x: 1.668756, y: 5.315542, z: 2.825566}
  m_Center: {x: -0.009996079, y: -0.82044125, z: 4.1383166}
--- !u!1 &4267900409339146006
GameObject:
  m_ObjectHideFlags: 0
  m_CorrespondingSourceObject: {fileID: 0}
  m_PrefabInstance: {fileID: 0}
  m_PrefabAsset: {fileID: 0}
  serializedVersion: 6
  m_Component:
  - component: {fileID: 345172194347783811}
  - component: {fileID: 4133566990051240993}
  - component: {fileID: 1195327727975865463}
  - component: {fileID: 1358588502236863699}
  m_Layer: 16
  m_Name: Mesh
  m_TagString: Untagged
  m_Icon: {fileID: 0}
  m_NavMeshLayer: 0
  m_StaticEditorFlags: 0
  m_IsActive: 1
--- !u!4 &345172194347783811
Transform:
  m_ObjectHideFlags: 0
  m_CorrespondingSourceObject: {fileID: 0}
  m_PrefabInstance: {fileID: 0}
  m_PrefabAsset: {fileID: 0}
  m_GameObject: {fileID: 4267900409339146006}
  m_LocalRotation: {x: 0, y: 0.7071068, z: 0, w: 0.7071068}
  m_LocalPosition: {x: 0, y: 0, z: 0}
  m_LocalScale: {x: 0.5, y: 0.5, z: 0.5}
  m_Children: []
  m_Father: {fileID: 4361739320205458}
  m_RootOrder: 0
  m_LocalEulerAnglesHint: {x: 0, y: 90, z: 0}
--- !u!33 &4133566990051240993
MeshFilter:
  m_ObjectHideFlags: 0
  m_CorrespondingSourceObject: {fileID: 0}
  m_PrefabInstance: {fileID: 0}
  m_PrefabAsset: {fileID: 0}
  m_GameObject: {fileID: 4267900409339146006}
  m_Mesh: {fileID: 4300000, guid: baba9c41a9f1cb34283b1cd550dd5ac6, type: 3}
--- !u!114 &1195327727975865463
MonoBehaviour:
  m_ObjectHideFlags: 0
  m_CorrespondingSourceObject: {fileID: 0}
  m_PrefabInstance: {fileID: 0}
  m_PrefabAsset: {fileID: 0}
  m_GameObject: {fileID: 4267900409339146006}
  m_Enabled: 1
  m_EditorHideFlags: 0
  m_Script: {fileID: 11500000, guid: 6414ddb212cbb7d47b2b156a13af9d7c, type: 3}
  m_Name: 
  m_EditorClassIdentifier: 
  red_Material: {fileID: 2100000, guid: 1de22ccde52827343ba5e9a29919e01f, type: 2}
  green_Material: {fileID: 2100000, guid: 94f6655aa1026ee41b86e2b7aa39cfed, type: 2}
  blue_Material: {fileID: 2100000, guid: 4796d9f0c10853d4c8b7205815bfdda1, type: 2}
--- !u!136 &1358588502236863699
CapsuleCollider:
  m_ObjectHideFlags: 0
  m_CorrespondingSourceObject: {fileID: 0}
  m_PrefabInstance: {fileID: 0}
  m_PrefabAsset: {fileID: 0}
  m_GameObject: {fileID: 4267900409339146006}
  m_Material: {fileID: 0}
  m_IsTrigger: 0
  m_Enabled: 1
  m_Radius: 1.92
  m_Height: 6.91
  m_Direction: 0
  m_Center: {x: -3.76, y: 0.32, z: -0.24}
--- !u!1 &5603444573558534094
GameObject:
  m_ObjectHideFlags: 0
  m_CorrespondingSourceObject: {fileID: 0}
  m_PrefabInstance: {fileID: 0}
  m_PrefabAsset: {fileID: 0}
  serializedVersion: 6
  m_Component:
  - component: {fileID: 8103655256056469281}
  m_Layer: 16
  m_Name: CarryPoint
  m_TagString: Untagged
  m_Icon: {fileID: 0}
  m_NavMeshLayer: 0
  m_StaticEditorFlags: 0
  m_IsActive: 1
--- !u!4 &8103655256056469281
Transform:
  m_ObjectHideFlags: 0
  m_CorrespondingSourceObject: {fileID: 0}
  m_PrefabInstance: {fileID: 0}
  m_PrefabAsset: {fileID: 0}
  m_GameObject: {fileID: 5603444573558534094}
  m_LocalRotation: {x: 0, y: 0, z: 0, w: 1}
  m_LocalPosition: {x: 0, y: 0.164, z: 0.941}
  m_LocalScale: {x: 1, y: 1, z: 1}
  m_Children: []
  m_Father: {fileID: 4361739320205458}
  m_RootOrder: 1
  m_LocalEulerAnglesHint: {x: 0, y: 0, z: 0}
--- !u!1001 &7121219999823147922
PrefabInstance:
  m_ObjectHideFlags: 0
  serializedVersion: 2
  m_Modification:
    m_TransformParent: {fileID: 4361739320205458}
    m_Modifications:
    - target: {fileID: 100000, guid: ca0cdafc732ed6b419bc6b306b795825, type: 3}
      propertyPath: m_Name
      value: Ant
      objectReference: {fileID: 0}
    - target: {fileID: 400000, guid: ca0cdafc732ed6b419bc6b306b795825, type: 3}
      propertyPath: m_LocalPosition.x
      value: 0
      objectReference: {fileID: 0}
    - target: {fileID: 400000, guid: ca0cdafc732ed6b419bc6b306b795825, type: 3}
      propertyPath: m_LocalPosition.y
      value: 0
      objectReference: {fileID: 0}
    - target: {fileID: 400000, guid: ca0cdafc732ed6b419bc6b306b795825, type: 3}
      propertyPath: m_LocalPosition.z
      value: 0
      objectReference: {fileID: 0}
    - target: {fileID: 400000, guid: ca0cdafc732ed6b419bc6b306b795825, type: 3}
      propertyPath: m_LocalRotation.x
      value: 0
      objectReference: {fileID: 0}
    - target: {fileID: 400000, guid: ca0cdafc732ed6b419bc6b306b795825, type: 3}
      propertyPath: m_LocalRotation.y
      value: 0.7071068
      objectReference: {fileID: 0}
    - target: {fileID: 400000, guid: ca0cdafc732ed6b419bc6b306b795825, type: 3}
      propertyPath: m_LocalRotation.z
      value: 0
      objectReference: {fileID: 0}
    - target: {fileID: 400000, guid: ca0cdafc732ed6b419bc6b306b795825, type: 3}
      propertyPath: m_LocalRotation.w
      value: 0.7071068
      objectReference: {fileID: 0}
    - target: {fileID: 400000, guid: ca0cdafc732ed6b419bc6b306b795825, type: 3}
      propertyPath: m_RootOrder
      value: 2
      objectReference: {fileID: 0}
    - target: {fileID: 400000, guid: ca0cdafc732ed6b419bc6b306b795825, type: 3}
      propertyPath: m_LocalEulerAnglesHint.x
      value: 0
      objectReference: {fileID: 0}
    - target: {fileID: 400000, guid: ca0cdafc732ed6b419bc6b306b795825, type: 3}
      propertyPath: m_LocalEulerAnglesHint.y
      value: 90
      objectReference: {fileID: 0}
    - target: {fileID: 400000, guid: ca0cdafc732ed6b419bc6b306b795825, type: 3}
      propertyPath: m_LocalEulerAnglesHint.z
      value: 0
      objectReference: {fileID: 0}
    - target: {fileID: 400000, guid: ca0cdafc732ed6b419bc6b306b795825, type: 3}
      propertyPath: m_LocalScale.x
      value: 100
      objectReference: {fileID: 0}
    - target: {fileID: 400000, guid: ca0cdafc732ed6b419bc6b306b795825, type: 3}
      propertyPath: m_LocalScale.y
      value: 100
      objectReference: {fileID: 0}
    - target: {fileID: 400000, guid: ca0cdafc732ed6b419bc6b306b795825, type: 3}
      propertyPath: m_LocalScale.z
      value: 100
      objectReference: {fileID: 0}
    - target: {fileID: 400002, guid: ca0cdafc732ed6b419bc6b306b795825, type: 3}
      propertyPath: m_LocalScale.x
      value: 2
      objectReference: {fileID: 0}
    - target: {fileID: 400002, guid: ca0cdafc732ed6b419bc6b306b795825, type: 3}
      propertyPath: m_LocalScale.y
      value: 2
      objectReference: {fileID: 0}
    - target: {fileID: 400002, guid: ca0cdafc732ed6b419bc6b306b795825, type: 3}
      propertyPath: m_LocalScale.z
      value: 2
      objectReference: {fileID: 0}
    m_RemovedComponents: []
  m_SourcePrefab: {fileID: 100100000, guid: ca0cdafc732ed6b419bc6b306b795825, type: 3}
--- !u!4 &7121219999823014162 stripped
Transform:
  m_CorrespondingSourceObject: {fileID: 400000, guid: ca0cdafc732ed6b419bc6b306b795825,
    type: 3}
  m_PrefabInstance: {fileID: 7121219999823147922}
  m_PrefabAsset: {fileID: 0}
